<collection xmlns="http://www.loc.gov/MARC21/slim"><record><leader>00666nam  2200205   450</leader><controlfield tag="001">684</controlfield><controlfield tag="003">http://montalegre.opacnet.com/OPAC/default.aspx?ContentAreaControl=ShowRegHoldings.ascx&amp;RegNo=16662</controlfield><datafield tag="100" ind1=" " ind2=" "><subfield code="a">20061013d1978    a  y0pory0103    ba</subfield></datafield><datafield tag="101" ind1="0" ind2=" "><subfield code="a">por</subfield></datafield><datafield tag="102" ind1=" " ind2=" "><subfield code="a">PT</subfield></datafield><datafield tag="200" ind1="1" ind2=" "><subfield code="a">Bichos de trazer por casa</subfield><subfield code="e">poemas para crianças</subfield><subfield code="f">Leonel Neves</subfield><subfield code="g">desenhos de Tossan</subfield></datafield><datafield tag="210" ind1=" " ind2=" "><subfield code="a">Lisboa</subfield><subfield code="c">A comuna</subfield><subfield code="d">1978</subfield></datafield><datafield tag="215" ind1=" " ind2=" "><subfield code="a">44 p.</subfield><subfield code="c">il.</subfield><subfield code="d">21 cm</subfield></datafield><datafield tag="225" ind1="2" ind2=" "><subfield code="a">&lt;A &gt;comuna das crianças</subfield></datafield><datafield tag="608" ind1=" " ind2=" "><subfield code="a">Poesia</subfield></datafield><datafield tag="675" ind1=" " ind2=" "><subfield code="a">82-1</subfield></datafield><datafield tag="700" ind1=" " ind2="1"><subfield code="a">Neves</subfield><subfield code="b">Leonel</subfield><subfield code="f">1921-1996</subfield></datafield><datafield tag="702" ind1=" " ind2="1"><subfield code="a">Tossan</subfield><subfield code="c">pseud.</subfield><subfield code="4">440</subfield></datafield><datafield tag="801" ind1=" " ind2="0"><subfield code="a">PT</subfield><subfield code="b">Biblioteca Municipal de Montalegre</subfield><subfield code="g">RPC</subfield></datafield><datafield tag="856" ind1=" " ind2=" "><subfield code="u">locateMedia.asp?cod=20060524155229&amp;ext=jpg</subfield><subfield code="z">CAPA</subfield></datafield><datafield tag="909" ind1="&#9;" ind2=" "><subfield code="a">1</subfield></datafield><datafield tag="966" ind1=" " ind2=" "><subfield code="a">0002190</subfield><subfield code="l">BMM</subfield><subfield code="s">SI 82-1 NEV bic</subfield></datafield></record></collection>